@article{bezanson2017julia,
  title={Julia: A fresh approach to numerical computing},
  author={Bezanson, Jeff and Edelman, Alan and Karpinski, Stefan and Shah, Viral B},
  journal={SIAM review},
  volume={59},
  number={1},
  pages={65--98},
  year={2017},
  publisher={SIAM},
  url={https://doi.org/10.1137/141000671}
}

@misc{BibEntry2024Mar,
	title = {{Datseris/whyjulia-manifesto: Zenodo-citable release}},
	journal = {Zenodo},
	year = {2024},
	month = mar,
	note = {[Online; accessed 21. Mar. 2024]},
	doi = {10.5281/zenodo.10252527}
}